<record><leader>00000cas a2200000 a 4500</leader><controlfield tag="001">11764000</controlfield><controlfield tag="008">850305d19201943ksuwr ne      0   a0eng d</controlfield><datafield ind1=" " ind2=" " tag="010"><subfield code="a">sn 84030271 </subfield></datafield><datafield ind1=" " ind2=" " tag="040"><subfield code="a">KSH</subfield><subfield code="b">eng</subfield><subfield code="c">KSH</subfield><subfield code="d">NPT</subfield><subfield code="d">OCL</subfield><subfield code="d">OCLCQ</subfield></datafield><datafield ind1=" " ind2=" " tag="042"><subfield code="a">msc</subfield></datafield><datafield ind1="0" ind2="4" tag="245"><subfield code="a">The Hamilton herald, the Climax chronicle, the Virgil visitor, the Quincy quill and the Neal news.</subfield></datafield><datafield ind1="3" ind2="0" tag="246"><subfield code="a">Climax chronicle</subfield></datafield><datafield ind1="3" ind2="0" tag="246"><subfield code="a">Quincy quill</subfield></datafield><datafield ind1="3" ind2="0" tag="246"><subfield code="a">Virgil visitor</subfield></datafield><datafield ind1="3" ind2="0" tag="246"><subfield code="a">Hamilton herald</subfield></datafield><datafield ind1="3" ind2="0" tag="246"><subfield code="a">Neal news</subfield></datafield><datafield ind1=" " ind2=" " tag="260"><subfield code="a">Madison, Kan. :</subfield><subfield code="b">Lawrence M. Shearer,</subfield><subfield code="c">1920-1943.</subfield></datafield><datafield ind1=" " ind2=" " tag="300"><subfield code="a">23 v. :</subfield><subfield code="b">ill. ;</subfield><subfield code="c">56 cm.</subfield></datafield><datafield ind1=" " ind2=" " tag="310"><subfield code="a">Weekly</subfield></datafield><datafield ind1="0" ind2=" " tag="362"><subfield code="a">Vol. 6 (Dec. 1, 1920)-Mar. 24, 1943.</subfield></datafield><datafield ind1=" " ind2=" " tag="500"><subfield code="a">Distributed in various editions called: Climax chronicle, Apr. 20, 1921-Dec. 26, 1923; Quincy quill, May 18, 1921-Mar. 24, 1943; Virgil visitor, Nov. 12, 1921-Mar. 24, 1943; Hamilton herald, July 15, 1931-Mar. 24, 1943; Neal news, Nov. 11, 1931-Mar. 10, 1943.</subfield></datafield><datafield ind1=" " ind2=" " tag="515"><subfield code="a">Numbering is irregular.</subfield></datafield><datafield ind1=" " ind2=" " tag="525"><subfield code="a">Includes supplements.</subfield></datafield><datafield ind1=" " ind2=" " tag="752"><subfield code="a">United States</subfield><subfield code="b">Kansas</subfield><subfield code="c">Greenwood</subfield><subfield code="d">Madison.</subfield></datafield><datafield ind1="0" ind2="0" tag="780"><subfield code="t">Climax chronicle, the Quincy quill and the Neal news</subfield><subfield code="w">(DLC)sn 84030272</subfield></datafield></record>